<record><leader>00000cas a2200000 a 4500</leader><controlfield tag="001">11285089</controlfield><controlfield tag="008">841019d18461954iluwr ne      0   a0eng c</controlfield><datafield ind1=" " ind2=" " tag="010"><subfield code="a">sn 84038370 </subfield></datafield><datafield ind1=" " ind2=" " tag="040"><subfield code="a">NPX</subfield><subfield code="b">eng</subfield><subfield code="c">NPX</subfield><subfield code="d">NPU</subfield><subfield code="d">NVF</subfield><subfield code="d">KNP</subfield><subfield code="d">NVF</subfield><subfield code="d">OCLCF</subfield><subfield code="d">NVF</subfield><subfield code="d">OCLCO</subfield></datafield><datafield ind1="1" ind2=" " tag="029"><subfield code="a">AU@</subfield><subfield code="b">000026926447</subfield></datafield><datafield ind1=" " ind2=" " tag="042"><subfield code="a">pcc</subfield></datafield><datafield ind1=" " ind2=" " tag="043"><subfield code="a">n-us-il</subfield></datafield><datafield ind1="0" ind2=" " tag="130"><subfield code="a">Carrollton gazette (Carrollton, Ill.)</subfield></datafield><datafield ind1="1" ind2="0" tag="245"><subfield code="a">Carrollton gazette.</subfield></datafield><datafield ind1="3" ind2="3" tag="246"><subfield code="a">Gazette</subfield></datafield><datafield ind1=" " ind2=" " tag="260"><subfield code="a">Carrollton, Greene County, Ill. :</subfield><subfield code="b">G.B. Price,</subfield><subfield code="c">1846-1954.</subfield></datafield><datafield ind1="2" ind2=" " tag="260"><subfield code="3">&lt;Jan. 18, 1862&gt;-&lt;Sept. 26, 1863&gt;</subfield><subfield code="a">Carrollton, Greene County, Ill. :</subfield><subfield code="b">G.B. Price &amp; H.L. Clay</subfield></datafield><datafield ind1="3" ind2=" " tag="260"><subfield code="3">&lt;Oct. 3, 1863&gt;-Aug. 20, 1954</subfield><subfield code="a">Carrollton, Greene County, Ill. :</subfield><subfield code="b">Price &amp; Son</subfield></datafield><datafield ind1=" " ind2=" " tag="300"><subfield code="a">v. :</subfield><subfield code="b">ill.</subfield></datafield><datafield ind1=" " ind2=" " tag="310"><subfield code="a">Weekly</subfield></datafield><datafield ind1="0" ind2=" " tag="362"><subfield code="a">Vol. 1, no. 1 (June 26, 1846)-v. 109, no. 10 (Aug. 20, 1954).</subfield></datafield><datafield ind1=" " ind2=" " tag="500"><subfield code="a">"Devoted to agriculture, literature, science, news, politics, and practical information."</subfield></datafield><datafield ind1=" " ind2=" " tag="500"><subfield code="a">"Official Greene County paper"--Oct. 3, 1863.</subfield></datafield><datafield ind1=" " ind2=" " tag="515"><subfield code="a">Issues have no page numbering.</subfield></datafield><datafield ind1=" " ind2=" " tag="580"><subfield code="a">Daily Fair eds.: Daily fair gazette (Carrollton, Ill.), &lt;1879&gt;, and: Carrollton daily gazette, &lt;1885&gt;</subfield></datafield><datafield ind1=" " ind2=" " tag="580"><subfield code="a">Merged with: Carrollton patriot (Carrollton, Ill. : 1913), to form: Carrollton gazette-patriot.</subfield></datafield><datafield ind1=" " ind2="0" tag="651"><subfield code="a">Carrollton (Ill.)</subfield><subfield code="v">Newspapers.</subfield></datafield><datafield ind1=" " ind2="0" tag="651"><subfield code="a">Greene County (Ill.)</subfield><subfield code="v">Newspapers.</subfield></datafield><datafield ind1=" " ind2="7" tag="651"><subfield code="a">Illinois</subfield><subfield code="z">Carrollton.</subfield><subfield code="2">fast</subfield><subfield code="0">(OCoLC)fst01238088</subfield></datafield><datafield ind1=" " ind2="7" tag="651"><subfield code="a">Illinois</subfield><subfield code="z">Greene County.</subfield><subfield code="2">fast</subfield><subfield code="0">(OCoLC)fst01213237</subfield></datafield><datafield ind1=" " ind2="7" tag="655"><subfield code="a">Newspapers.</subfield><subfield code="2">fast</subfield><subfield code="0">(OCoLC)fst01423814</subfield></datafield><datafield ind1=" " ind2=" " tag="752"><subfield code="a">United States</subfield><subfield code="b">Illinois</subfield><subfield code="c">Greene</subfield><subfield code="d">Carrollton.</subfield></datafield><datafield ind1="1" ind2=" " tag="775"><subfield code="t">Daily fair gazette (Carrollton, Ill.)</subfield><subfield code="w">(DLC)sn 91054760</subfield><subfield code="w">(OCoLC)25065358</subfield></datafield><datafield ind1="1" ind2=" " tag="775"><subfield code="t">Carrollton daily gazette</subfield><subfield code="w">(DLC)sn 91054759</subfield><subfield code="w">(OCoLC)25065406</subfield></datafield><datafield ind1="1" ind2="7" tag="785"><subfield code="t">Carrollton patriot (Carrollton, Ill. : 1913)</subfield><subfield code="w">(DLC)sn 91054808</subfield><subfield code="w">(OCoLC)25065672</subfield></datafield><datafield ind1="1" ind2="7" tag="785"><subfield code="t">Carrollton gazette-patriot</subfield><subfield code="w">(DLC)sn 91054761</subfield><subfield code="w">(OCoLC)25065764</subfield></datafield></record>